<record><leader>00000cas a2200000 i 4500</leader><controlfield tag="001">862948882</controlfield><controlfield tag="006">m     o  d        </controlfield><controlfield tag="007">cr |||||||||||</controlfield><controlfield tag="008">131113d1841186uinuwr neo     0   a0eng  </controlfield><datafield ind1=" " ind2=" " tag="010"><subfield code="a">  2013272081</subfield></datafield><datafield ind1=" " ind2=" " tag="040"><subfield code="a">DLC</subfield><subfield code="b">eng</subfield><subfield code="e">rda</subfield><subfield code="c">DLC</subfield><subfield code="d">DLC</subfield><subfield code="d">OCLCF</subfield></datafield><datafield ind1="0" ind2=" " tag="022"><subfield code="a">2332-1083</subfield><subfield code="2">1</subfield></datafield><datafield ind1=" " ind2=" " tag="042"><subfield code="a">pcc</subfield><subfield code="a">nsdp</subfield></datafield><datafield ind1=" " ind2=" " tag="043"><subfield code="a">n-us-in</subfield></datafield><datafield ind1="1" ind2="0" tag="050"><subfield code="a">ISSN RECORD</subfield></datafield><datafield ind1="0" ind2="0" tag="082"><subfield code="a">071</subfield><subfield code="2">23</subfield></datafield><datafield ind1="0" ind2=" " tag="130"><subfield code="a">Wabash express (Online)</subfield></datafield><datafield ind1=" " ind2="0" tag="222"><subfield code="a">Wabash express</subfield><subfield code="b">(Online)</subfield></datafield><datafield ind1="1" ind2="0" tag="245"><subfield code="a">Wabash express.</subfield></datafield><datafield ind1="1" ind2="3" tag="246"><subfield code="a">Express</subfield></datafield><datafield ind1=" " ind2="1" tag="264"><subfield code="a">Terre-Haute, Indiana :</subfield><subfield code="b">R. N. Hudson</subfield></datafield><datafield ind1=" " ind2=" " tag="310"><subfield code="a">Weekly</subfield></datafield><datafield ind1=" " ind2=" " tag="336"><subfield code="a">text</subfield><subfield code="b">txt</subfield><subfield code="2">rdacontent</subfield></datafield><datafield ind1=" " ind2=" " tag="337"><subfield code="a">computer</subfield><subfield code="b">c</subfield><subfield code="2">rdamedia</subfield></datafield><datafield ind1=" " ind2=" " tag="338"><subfield code="a">online resource</subfield><subfield code="b">cr</subfield><subfield code="2">rdacarrier</subfield></datafield><datafield ind1="1" ind2=" " tag="362"><subfield code="a">Began December 28, 1841.</subfield></datafield><datafield ind1=" " ind2=" " tag="500"><subfield code="a">"Republican."</subfield></datafield><datafield ind1=" " ind2=" " tag="525"><subfield code="a">Has occasional supplements.</subfield></datafield><datafield ind1=" " ind2=" " tag="530"><subfield code="a">Also issued on microfilm from the Library of Congress, Photoduplication Service.</subfield></datafield><datafield ind1=" " ind2=" " tag="580"><subfield code="a">Daily eds.: Daily Wabash express (Terre Haute, Ind. : 1851), 1851, and: Terre-Haute daily express (Terre Haute, Ind. : 1851), 1851-&lt;&gt;, and: Daily express (Terre Haute, Ind.), &lt;1856&gt;-1857, and: Daily Wabash express (Terre Haute, Ind. : 1857), 1857-&lt;1861&gt;.</subfield></datafield><datafield ind1=" " ind2=" " tag="588"><subfield code="a">Description based on: Volume XV, no. 33, whole no. 753 (July 23, 1856); title from masthead (Chroniclingamerica.loc.gov, viewed November 13, 2013).</subfield></datafield><datafield ind1=" " ind2=" " tag="588"><subfield code="a">Latest issue consulted: Vol. XIX, no. 40, whole no. 939 (September 12, 1860) (Chroniclingamerica.loc.gov, viewed November 13, 2013).</subfield></datafield><datafield ind1=" " ind2="0" tag="651"><subfield code="a">Terre Haute (Ind.)</subfield><subfield code="v">Newspapers.</subfield></datafield><datafield ind1=" " ind2="0" tag="651"><subfield code="a">Vigo County (Ind.)</subfield><subfield code="v">Newspapers.</subfield></datafield><datafield ind1=" " ind2="7" tag="655"><subfield code="a">Newspapers.</subfield><subfield code="2">fast</subfield><subfield code="0">(OCoLC)fst01423814</subfield></datafield><datafield ind1=" " ind2="7" tag="651"><subfield code="a">Indiana</subfield><subfield code="z">Terre Haute.</subfield><subfield code="2">fast</subfield><subfield code="0">(OCoLC)fst01207975</subfield></datafield><datafield ind1=" " ind2="7" tag="651"><subfield code="a">Indiana</subfield><subfield code="z">Vigo County.</subfield><subfield code="2">fast</subfield><subfield code="0">(OCoLC)fst01206381</subfield></datafield><datafield ind1=" " ind2=" " tag="752"><subfield code="a">United States</subfield><subfield code="b">Indiana</subfield><subfield code="c">Vigo</subfield><subfield code="d">Terre Haute.</subfield></datafield><datafield ind1="1" ind2=" " tag="775"><subfield code="t">Daily Wabash express (Terre Haute, Ind. : 1851 : Online)</subfield></datafield><datafield ind1="1" ind2=" " tag="775"><subfield code="t">Terre-Haute daily express (Terre Haute, Ind. : 1851 : Online)</subfield></datafield><datafield ind1="1" ind2=" " tag="775"><subfield code="t">Daily express (Terre Haute, Ind. : Online)</subfield></datafield><datafield ind1="1" ind2=" " tag="775"><subfield code="t">Daily Wabash express (Terre Haute, Ind. : 1857 : Online)</subfield><subfield code="x">2332-2659</subfield><subfield code="w">(DLC)  2013272085</subfield><subfield code="w">(OCoLC)863412774</subfield></datafield><datafield ind1="0" ind2="8" tag="776"><subfield code="i">Originally issued in print:</subfield><subfield code="t">Wabash express</subfield><subfield code="x">2332-1075</subfield><subfield code="w">(DLC)sn 82016350</subfield><subfield code="w">(OCoLC)9297300</subfield></datafield><datafield ind1="0" ind2="5" tag="780"><subfield code="t">Wabash courier (Terre Haute, Ind. : Online)</subfield><subfield code="g">Apr. 1857</subfield></datafield><datafield ind1="0" ind2="0" tag="785"><subfield code="t">Weekly Wabash express (Online)</subfield></datafield><datafield ind1="4" ind2="0" tag="856"><subfield code="u">http://www.loc.gov/chroniclingamerica/lccn/sn82016350/issues</subfield></datafield></record>